@book{hyperion, 
  author={Dan Simmons}, 
  title={Hyperion}, 
  year={1989}, 
  publisher={Doubleday}
}
